<?xml version="1.0" encoding="UTF-8"?><record xmlns="http://www.loc.gov/MARC21/slim" xmlns:cinclude="http://apache.org/cocoon/include/1.0" xmlns:zs="http://www.loc.gov/zing/srw/">
  <leader>00418cz  a2200133n  4500</leader>
  <controlfield tag="001">n  88230831 </controlfield>
  <controlfield tag="003">DLC</controlfield>
  <controlfield tag="005">19890512054619.7</controlfield>
  <controlfield tag="008">890308n| acannaab|          |a aaa |||  </controlfield>
  <datafield tag="010" ind1=" " ind2=" ">
    <subfield code="a">n  88230831 </subfield>
  </datafield>
  <datafield tag="040" ind1=" " ind2=" ">
    <subfield code="a">DLC</subfield>
    <subfield code="c">DLC</subfield>
  </datafield>
  <datafield tag="100" ind1="1" ind2="0">
    <subfield code="a">Newbery, Doris May Mengden,</subfield>
    <subfield code="d">1921-</subfield>
  </datafield>
  <datafield tag="400" ind1="1" ind2="0">
    <subfield code="a">Mengden, Doris May,</subfield>
    <subfield code="d">1921-</subfield>
  </datafield>
  <datafield tag="670" ind1=" " ind2=" ">
    <subfield code="a">Her Listen to the leaves, 1988:</subfield>
    <subfield code="b">t.p. (Doris May Mengden Newbery) p. 106 (Doris May Mengden; b. 8-22-21)</subfield>
  </datafield>
</record>